@ARTICLE{Leuenberger2010,
  author = {Leuenberger, D. and Koller, M. and Sch\"ar, C.},
  title = {A Generalization of the SLEVE Vertical Coordinate},
  journal = {Mon. Wea. Rev.},
  year = {2010},
  volume = {138},
  pages = {3683--3689},
}
