%Abreviations
@string{anngeo="Ann. Geophysicae"}
@string{atres="Atmos. Res."}
@string{bams="Bull. Amer. Meteor. Soc."}
@string{blm="Bound.-Layer Meteor."}                % Boundary-Layer Meteorology
@string{cdyn="Climate Dynamics"}
@string{grl="Geophys. Res. Lett."}
@string{gra="Geophys. Res. Abs."}                  % Geophysical Research Abstracts
@string{ijc="Int. J. Climatol."}
@string{jam="J. Appl. Meteor."}                    % Journal of Applied Meteorology
@string{jas="J. Atmos. Sci."}                      % Journal of the Atmospheric Sciences
@string{jc="J. Climate"}                           % Journal of Climate
@string{jaot="J. Atmos. Ocean. Tech."}
@string{jgr="J. Geophys. Res."}
@string{jh="J. Hydrol"}
@string{jmsj="J. Meteor. Soc. of Japan"}
@string{nat="Nature"}
@string{mwr="Mon. Wea. Rev."}
@string{asl="Atmos. Sci. Letters"}
@string{qjrms="Quart. J. Roy. Meteor. Soc."}
@string{wrs="Water Resour. Res."}
@string{tel="Tellus"}
@string{sci="Sciences"}
@string{wf= "Wea. and Forecasting"}
@string{weath= "Weather"}

% for QJRMS articles the appreviation for meteorological is "meteorol."
% for JAS etc it is "meteor." 
@string{bams="Bull. Amer. Meteorol. Soc."}
@string{blm="Boundary-Layer Meteorol."}            % Boundary-Layer Meteorology
@string{jam="J. Appl. Meteorol."}                  % Journal of Applied Meteorology
@string{qjrms="Q. J. R. Meteorol. Soc."}


%
%%% A %%%
%

%
%%% B %%%
%

%
%%% C %%%
%

%
%%% D %%%
%

%
%%% E %%%
%

%
%%% F %%%
%

%
%%% G %%%
%

%
%%% H %%%
%

%
%%% I %%%
%

%
%%% J %%%
%

%
%%% K %%%
%

%
%%% L %%%
%

%
%%% M %%%
%

%
%%% N %%%
%

%
%%% O %%%
%

%
%%% P %%%
%

%
%%% Q %%%
%

%
%%% R %%%
%

%
%%% S %%%
%

@Article{Schaaf:2002,
  author =       {Schaaf, C. B. and F. Gao and A. H. Strahler and W. Lucht and X. Li and T. Tsang and T. Tsang and N. C. Strugnell and X. Zhang and Y. Jin and J. Muller and P. Lewis and M. Barnsley and P. Hobson and M. Disney and G. Roberts and M. Dunderdale and C. Doll and R. P. d'Entremont and B. Hu and S. Liang and J. L. Privette and D. Roy},
  title =        {First operational BRDF, albedo nadir reflectance products from MODIS},
  journal =      {Remote Sensing on Environment},
  year =         {2002},
  volume =       {83},
  pages =        {135--148}
}

%
%%% T %%%
%

@Article{tiedtke:1989,
  author =	 {M. Tiedtke},
  title =	 "{A comprehensive mass flux scheme for cumulus
                  parameterization in large-scale models.}",
  journal =	 "{Mon. Wea. Rev.}",
  year =	 "{1989}",
  volume =	 "{117}",
  pages =	 "{1779-1800}"
}

@Article{tiedtke:1993,
  author =	 {M. Tiedtke},
  title =	 "{Representation of clouds in large-scale models}",
  journal =	 "{Mon. Wea. Rev.}",
  year =	 "{1993}",
  volume =	 "{121}",
  pages =	 "{3040-3061}"
}

@Article{tompkins:2002,
  author =	 {A. M. Tompkins},
  title =	 "{A prognostic parameterization for the subgrid-scale
                  variability of water vapor and clouds in large-scale
                  models and its use to diagnose cloud cover}",
  journal =	 "{J. Atmos. Sci.}",
  year =	 "{2002}",
  volume =	 59,
  pages =	 {1917-1942}
}

%
%%% U %%%
%

%
%%% V %%%
%

%
%%% W %%%
%

%
%%% X %%%
%

%
%%% Y %%%
%

@Article{Yang:2008,
  author =       {Yang, F. and K. Mitchell and Y. Hou and Y. Dai and X. Zeng and Z. Wang and X. Liang},
  title =        {Dependence of Land Surface Albedo on Solar Zenith Angle: Observations and Model Parameterization},
  journal =      {Journal of Applied Meteorology and Climatology},
  year =         {2008},
  volume =       {47},
  pages =        {2963--2982}
}

%
%%% Z %%%
%
