@STRING{ACP = {Atmos.~Chem.~Phys.}}
@STRING{ATE = {Atmos.~Env.}}
@STRING{APH = {Ann.~Phys.}}
@STRING{GRL = {Geophys.~Res.~Lett.}}
@STRING{JAC = {J.~Atmos.~Chem.}}
@STRING{JAMES = {J.~Adv.~in Modeling Earth Systems}}
@STRING{JAS = {J.~Atm.~Sci.}}
@STRING{JGR = {J.~Geophysical Research}}
@STRING{JOC = {J.~of~Climate}}
@STRING{MET = {Meteorolog.~Zeitschrift}}
@STRING{MWR = {Monthly Weather Review}}
@STRING{QMS = {Q.~J.~R.~Meteorol.~Soc}}

@ARTICLE{nea010,
AUTHOR   = {R.B.~Neale and B.J.~Hoskins},
TITLE    = {A standard test for {AGCM}s including their physical 
            parametrizations. {II}: Results for {T}he {M}et {O}ffice {M}odel},
JOURNAL  = {Atmos.~Sci.~Lett.},
YEAR     = {2001},
VOLUME   = {1},
NUMBER   = {},
PAGES    = {doi:10.1006/asle.2000.0020},
DOI      = {10.1006/asle.2000.0020},
KEYS     = {aqua planet},
ABSTRACT = {met341}
}

@ARTICLE{nea019,
AUTHOR   = {R.B.~Neale and B.J.~Hoskins},
TITLE    = {A standard test for {AGCM}s including their physical 
            parametrizations. {I}: The proposal},
JOURNAL  = {Atmos.~Sci.~Lett.},
YEAR     = {2001},
VOLUME   = {1},
NUMBER   = {},
PAGES    = {doi:10.1006/asle.2000.0019},
DOI      = {10.1006/asle.2000.0019},
KEYS     = {aqua planet},
ABSTRACT = {met342}
}
