%Abreviations
@string{anngeo="Ann. Geophysicae"}
@string{atres="Atmos. Res."}
@string{bams="Bull. Amer. Meteor. Soc."}
@string{blm="Bound.-Layer Meteor."}                % Boundary-Layer Meteorology
@string{cdyn="Climate Dynamics"}
@string{grl="Geophys. Res. Lett."}
@string{gra="Geophys. Res. Abs."}                  % Geophysical Research Abstracts
@string{ijc="Int. J. Climatol."}
@string{jam="J. Appl. Meteor."}                    % Journal of Applied Meteorology
@string{jas="J. Atmos. Sci."}                      % Journal of the Atmospheric Sciences
@string{jc="J. Climate"}                           % Journal of Climate
@string{jaot="J. Atmos. Ocean. Tech."}
@string{jgr="J. Geophys. Res."}
@string{jh="J. Hydrol"}
@string{jmsj="J. Meteor. Soc. of Japan"}
@string{nat="Nature"}
@string{mwr="Mon. Wea. Rev."}
@string{asl="Atmos. Sci. Letters"}
@string{qjrms="Quart. J. Roy. Meteor. Soc."}
@string{wrs="Water Resour. Res."}
@string{tel="Tellus"}
@string{sci="Sciences"}
@string{wf= "Wea. and Forecasting"}
@string{weath= "Weather"}

% for QJRMS articles the appreviation for meteorological is "meteorol."
% for JAS etc it is "meteor." 
@string{bams="Bull. Amer. Meteorol. Soc."}
@string{blm="Boundary-Layer Meteorol."}            % Boundary-Layer Meteorology
@string{jam="J. Appl. Meteorol."}                  % Journal of Applied Meteorology
@string{qjrms="Q. J. R. Meteorol. Soc."}


%
%%% A %%%
%

%
%%% B %%%
%

@Article{Baldauf:2013, 
  author =       {Baldauf, M. and D. Reinert and G. Z\"angl},
  title =        {An analytical solution for linear gravity and sound waves on the sphere as a test for compressible,
non-hydrostatic numerical models},
  journal =      "{Quart. J. Roy. Meteor. Soc.}",
  year =         {2013},
  volume =       {},
  pages =        {in press}
}

%
%%% C %%%
%

%
%%% D %%%
%

%
%%% E %%%
%

%
%%% F %%%
%

%
%%% G %%%
%

%
%%% H %%%
%

%
%%% I %%%
%

%
%%% J %%%
%

@Article{Jablonowski:2006,
  author =       {Jablonowski, C. and D. L. Williamson},
  title =        {A baroclinic instability test case for atmospheric model dynamical cores},
  journal =      "{Quart. J. Roy. Meteor. Soc.}",
  year =         {2006},
  volume =       {132},
  pages =        {2943-2975}
}

%
%%% K %%%
%

@Article{Klemp:2003,
  author =       {Klemp, J. B. and W. C. Skamarock and O. Fuhrer},
  title =        {Numerical Consistency of Metric Terms in Terrain-Following Coordinates},
  journal =      "{Mon. Wea. Rev.}",
  year =         {2003},
  volume =       {131},
  pages =        {1229-1239}
}

%
%%% L %%%
%

%
%%% M %%%
%

%
%%% N %%%
%

%
%%% O %%%
%

%
%%% P %%%
%

%
%%% Q %%%
%

%
%%% R %%%
%

%
%%% S %%%
%

@Article{Schaaf:2002,
  author =       {Schaaf, C. B. and F. Gao and A. H. Strahler and W. Lucht and X. Li and T. Tsang and T. Tsang and N. C. Strugnell and X. Zhang and Y. Jin and J. Muller and P. Lewis and M. Barnsley and P. Hobson and M. Disney and G. Roberts and M. Dunderdale and C. Doll and R. P. d'Entremont and B. Hu and S. Liang and J. L. Privette and D. Roy},
  title =        {First operational BRDF, albedo nadir reflectance products from MODIS},
  journal =      {Remote Sensing on Environment},
  year =         {2002},
  volume =       {83},
  pages =        {135--148}
}

@Article{Schaer:2002,
  author =       {Sch{\"a}r, C. and D. Leuenberger and O. Fuhrer and D. L{\"u}thi and C. Girard},
  title =        {A New Terrain-Following Vertical Coordinate Formulation for Atmospheric Prediction Models},
  journal =      "{Mon. Wea. Rev.}",
  year =         {2002},
  volume =       {130},
  pages =        {2459-2480}
}

@Article{Skamarock:2012,
  author =       {Skamarock, W. C and J. B. Klemp and M. G. Duda and L. Fowler and S.-H. Park and T. D. Ringler},
  title =        { A Multi-scale Nonhydrostatic Atmospheric Model Using Centroidal Voronoi Tesselations and C-Grid Staggering},
  journal =      "{Mon. Wea. Rev.}",
  year =         {2012},
  volume =       {140},
  pages =        {3090-3105}
}

%
%%% T %%%
%

@Article{tiedtke:1989,
  author =	 {M. Tiedtke},
  title =	 "{A comprehensive mass flux scheme for cumulus
                  parameterization in large-scale models.}",
  journal =	 "{Mon. Wea. Rev.}",
  year =	 "{1989}",
  volume =	 "{117}",
  pages =	 "{1779-1800}"
}

@Article{tiedtke:1993,
  author =	 {M. Tiedtke},
  title =	 "{Representation of clouds in large-scale models}",
  journal =	 "{Mon. Wea. Rev.}",
  year =	 "{1993}",
  volume =	 "{121}",
  pages =	 "{3040-3061}"
}

@Article{tompkins:2002,
  author =	 {A. M. Tompkins},
  title =	 "{A prognostic parameterization for the subgrid-scale
                  variability of water vapor and clouds in large-scale
                  models and its use to diagnose cloud cover}",
  journal =	 "{J. Atmos. Sci.}",
  year =	 "{2002}",
  volume =	 59,
  pages =	 {1917-1942}
}

%
%%% U %%%
%

%
%%% V %%%
%

%
%%% W %%%
%

@Article{Weisman:1982,
  author = 	{Weisman, M. L. and J. B. Klemp},
  title = 	{The dependence of numerically simulated convective storms on vertical wind shear and buoyancy},
  journal = "{Mon. Wea. Rev.}",
  year = 	{1982},
  volume = 	{110},
  pages = 	{504-520}
}

@Article{Weisman:2000,
  author = 	{Weisman, M. L. and R. Rotunno},
  title = 	{The Use of Vertical Wind Shear versus Helicity in Interpreting Supercell Dynamics},
  journal = "{J. Atmos. Sci.}",
  year = 	{2000},
  volume = 	{57},
  pages = 	{1452-1472}
}
  
%
%%% X %%%
%

%
%%% Y %%%
%

@Article{Yang:2008,
  author =       {Yang, F. and K. Mitchell and Y. Hou and Y. Dai and X. Zeng and Z. Wang and X. Liang},
  title =        {Dependence of Land Surface Albedo on Solar Zenith Angle: Observations and Model Parameterization},
  journal =      {Journal of Applied Meteorology and Climatology},
  year =         {2008},
  volume =       {47},
  pages =        {2963--2982}
}

%
%%% Z %%%
%

@Article{Zaengl:2013,
  author =       {G. Z{\"a}ngl and D. Reinert and M.-P. R{\'i}podas and M. Baldauf},
  title =        {The ICON (ICOsahedral Nonhydrostatic) modelling framework of DWD and MPI-M: Description of the nonhydrostatic dynamical core},
  journal =      qjrms,
  year =         {2014},
  volume =       {},
  pages =        {in press}
}

@article{zangl2012,
  title={Extending the Numerical Stability Limit of Terrain-Following Coordinate Models over Steep Slopes},
  author={Z{\"a}ngl, G{\"u}nther},
  journal={Monthly Weather Review},
  volume={140},
  number={11},
  pages={3722--3733},
  year={2012}
}