@misc{ICON_database,
  AUTHOR =        {Reinert, D. and Prill, F. and Frank, H. and Denhard, M. and Baldauf, M. and Schraff, C. and Gebhardt, C. and Marsigli, C. and Z\"angl, G.},
  TITLE =         {{DWD Database Reference for the Global and Regional ICON and ICON-EPS Forecasting System, Version 2.1.1}},
  publisher =   {Research and Development at DWD},
  ADDRESS =       {Offenbach am Main},
  YEAR  =         {2020},
  eprint   =         {https://www.dwd.de/SharedDocs/downloads/DE/modelldokumentationen/nwv/icon/icon_dbbeschr_aktuell.pdf},
  DOI   =         {10.5676/DWD_pub/nwv/icon_2.1.1},
}

@misc{cosmo_42,
  author      = {Avgoustoglou, E. and Voudouri, A. and Carmona, I. and Bucchignani, E. and Levy, Y. and Bettems, J. M.},
  title       = {{A methodology towards the hierarchy of COSMO parameter calibration tests via the domain sensitivity over the Mediterranean area: Final Report}},
  institution = {COSMO technical report},
publisher = {www.cosmo-model.org},
  year        = {2020},
  doi       = {DOI: 10.5676/DWD_pub/nwv/cosmo-tr_42},
  number      = {COSMO technical report 42}}